@inproceedings{he2016deep,
  title={Deep residual learning for image recognition},
  author={He, Kaiming and Zhang, Xiangyu and Ren, Shaoqing and Sun, Jian},
  booktitle={Proceedings of the IEEE conference on computer vision and pattern recognition},
  pages={770--778},
  year={2016}
}

@inproceedings{tian2020contrastive,
  title={Contrastive multiview coding},
  author={Tian, Yonglong and Krishnan, Dilip and Isola, Phillip},
  booktitle={Computer Vision--ECCV 2020: 16th European Conference, Glasgow, UK, August 23--28, 2020, Proceedings, Part XI 16},
  pages={776--794},
  year={2020},
  organization={Springer}
}

@article{hjelm2018learning,
  title={Learning deep representations by mutual information estimation and maximization},
  author={Hjelm, R Devon and Fedorov, Alex and Lavoie-Marchildon, Samuel and Grewal, Karan and Bachman, Phil and Trischler, Adam and Bengio, Yoshua},
  journal={arXiv preprint arXiv:1808.06670},
  year={2018}
}

@inproceedings{wang2020understanding,
  title={Understanding contrastive representation learning through alignment and uniformity on the hypersphere},
  author={Wang, Tongzhou and Isola, Phillip},
  booktitle={International Conference on Machine Learning},
  pages={9929--9939},
  year={2020},
  organization={PMLR}
}

@article{harwath2019learning,
  title={Learning hierarchical discrete linguistic units from visually-grounded speech},
  author={Harwath, David and Hsu, Wei-Ning and Glass, James},
  journal={arXiv preprint arXiv:1911.09602},
  year={2019}
}

@inproceedings{jansen2018unsupervised,
  title={Unsupervised learning of semantic audio representations},
  author={Jansen, Aren and Plakal, Manoj and Pandya, Ratheet and Ellis, Daniel PW and Hershey, Shawn and Liu, Jiayang and Moore, R Channing and Saurous, Rif A},
  booktitle={2018 IEEE international conference on acoustics, speech and signal processing (ICASSP)},
  pages={126--130},
  year={2018},
  organization={IEEE}
}

@article{harwath2015deep,
  title={Deep multimodal semantic embeddings for speech and images},
  author={Harwath, David and Glass, James},
  journal={2015 IEEE Workshop on Automatic Speech Recognition and Understanding (ASRU)},
  pages={237--244},
  year={2015},
  organization={IEEE}
}

@article{harwath2017unsupervised,
  title={Unsupervised learning of spoken language with visual context},
  author={Harwath, David and Torralba, Antonio and Glass, James R},
  year={2017},
  journal={Neural Information Processing Systems Foundation, Inc.}
}


@article{johnson2017google,
  title={Googleâ€™s multilingual neural machine translation system: Enabling zero-shot translation},
  author={Johnson, Melvin and Schuster, Mike and Le, Quoc V and Krikun, Maxim and Wu, Yonghui and Chen, Zhifeng and Thorat, Nikhil and Vi{\'e}gas, Fernanda and Wattenberg, Martin and Corrado, Greg and others},
  journal={Transactions of the Association for Computational Linguistics},
  volume={5},
  pages={339--351},
  year={2017},
  publisher={MIT Press}
}

@inproceedings{harwath2018interlingua,
  title={Vision as an interlingua: Learning multilingual semantic embeddings of untranscribed speech},
  author={Harwath, David and Chuang, Galen and Glass, James},
  booktitle={2018 IEEE International Conference on Acoustics, Speech and Signal Processing (ICASSP)},
  pages={4969--4973},
  year={2018},
  organization={IEEE}
}

@article{ilharco2019large,
  title={Large-scale representation learning from visually grounded untranscribed speech},
  author={Ilharco, Gabriel and Zhang, Yuan and Baldridge, Jason},
  journal={arXiv preprint arXiv:1909.08782},
  year={2019}
}

@article{oord2018representation,
  title={Representation learning with contrastive predictive coding},
  author={Oord, Aaron van den and Li, Yazhe and Vinyals, Oriol},
  journal={arXiv preprint arXiv:1807.03748},
  year={2018}
}

@inproceedings{he2020momentum,
  title={Momentum contrast for unsupervised visual representation learning},
  author={He, Kaiming and Fan, Haoqi and Wu, Yuxin and Xie, Saining and Girshick, Ross},
  booktitle={Proceedings of the IEEE/CVF Conference on Computer Vision and Pattern Recognition},
  pages={9729--9738},
  year={2020}
}

@inproceedings{chen2020simple,
  title={A simple framework for contrastive learning of visual representations},
  author={Chen, Ting and Kornblith, Simon and Norouzi, Mohammad and Hinton, Geoffrey},
  booktitle={International conference on machine learning},
  pages={1597--1607},
  year={2020},
  organization={PMLR}
}

@inproceedings{harwath2018jointly,
  title={Jointly discovering visual objects and spoken words from raw sensory input},
  author={Harwath, David and Recasens, Adria and Sur{\'\i}s, D{\'\i}dac and Chuang, Galen and Torralba, Antonio and Glass, James},
  booktitle={Proceedings of the European conference on computer vision (ECCV)},
  pages={649--665},
  year={2018}
}

@inproceedings{ohishi2020trilingual,
  title={Trilingual semantic embeddings of visually grounded speech with self-attention mechanisms},
  author={Ohishi, Yasunori and Kimura, Akisato and Kawanishi, Takahito and Kashino, Kunio and Harwath, David and Glass, James},
  booktitle={ICASSP 2020-2020 IEEE International Conference on Acoustics, Speech and Signal Processing (ICASSP)},
  pages={4352--4356},
  year={2020},
  organization={IEEE}
}

@article{roy1999learning,
  title={Learning from sights and sounds: a computational model},
  author={Roy, Deb},
  journal={PhD Thesis, MIT Media Laboratory},
  year={1999}
}

@BOOK{knuth:tb,
  author = "Donald K. Knuth",
  title = "The \TeX book",
  publisher = "Addison-Wesley",
  year = "1984",
}

@BOOK{leslie:dps,
  author = "Leslie Lamport",
  title = "\LaTeX: A document preparation system",
  publisher = "Addison-Wesley",
  year = "1994",
  edition = "2nd",
}

@BOOK{gms:tlc,
  author = "M~Goosens, F~Mittelbach and A~Samarin",
  title = "The \LaTeX Companion",
  publisher = "Addison-Wesley",
  year = "1994",
}

@BOOK{spivak:jot,
  author = "Michael Spivak",
  title = "The joy of \TeX",
  publisher = "American Mathematical Society",
  year = "1990",
  edition = "2nd",
  address = "Providence, R.I.",
}

@BOOK{bertin:psn,
  author = "M.~J.~Bertin et al",
  title = "Pisot and Salem Numbers",
  publisher = "user Verlag",
  address = "Berlin",
  year = "1992",
}

@TECHREPORT{poorten:sp,
  author = "Alf~J.~van der Poorten",
  title = "Some problems of recurrent interest",
  institution = "School of Mathematics and Physics,
                 Macquarie University",
  address = "North Ryde, Australia 2113",
  number = "81-0037",
  month = "August",
  year = "1981",
}
